<?xml version="1.0" encoding="UTF-8"?><collection xmlns="http://www.loc.gov/MARC21/slim"><record><leader>00389nam--2200133-i-4500</leader><controlfield tag="001">000004548</controlfield><controlfield tag="002">20161230</controlfield><controlfield tag="005">20161230201025</controlfield><controlfield tag="008">060222s1000------------r-----000-0-eng-d</controlfield><datafield ind1=" " ind2=" " tag="100"><subfield code="a">Almeida I. G., Marquez L., Costa N.L</subfield></datafield><datafield ind1=" " ind2=" " tag="245"><subfield code="a">Presence of 57 co in the atmosphere</subfield></datafield><datafield ind1=" " ind2=" " tag="260"><subfield code="a">Rio De Janeiro, Centro Brasiliero De Pesquisas Fisicas, 1957 4 P</subfield></datafield><datafield ind1=" " ind2=" " tag="490"><subfield code="a">Vol. Iii, No.27</subfield></datafield><datafield ind1=" " ind2=" " tag="852"><subfield code="a">13930</subfield></datafield></record></collection>